@misc{stm32-types,
    author = {ST Microelectronics},
    title = {{STM32 Microcontrollers (MCUs)}},
    note = {Truy cập lần cuối 12/06/2023},
    keywords = {vn},
}

@book{giao-trinh,
	author = {TS. Nguyễn Đào Trường and ThS. Lê Đức Thuận},
	title = {Giáo trình lập trình ARM cơ bản},
	date = {2019},
	    keywords = {vn},
}
@article{thailq,
    title={Hiện trạng ngành sản xuất Nấm của Việt Nam và giới thiệu các giải pháp công nghệ nhằm giải quyết một số vấn đề tồn tại},
    author={Lê Quang Thái},
    journal={Journal of Statistical Software},
    pages={1--15},
    year={2018},
    keywords = {vn},
},

@article{RAHMAN2022100267,
    title = {IoT enabled mushroom farm automation with Machine Learning to classify toxic mushrooms in Bangladesh},
    journal = {Journal of Agriculture and Food Research},
    volume = {7},
    pages = {2-3},
    year = {2022},
    issn = {2666-1543},
    doi = {https://doi.org/10.1016/j.jafr.2021.100267},
    url = {https://www.sciencedirect.com/science/article/pii/S2666154321001691},
    author = {Hasibur Rahman and Md. Omar Faruq and Talha Bin {Abdul Hai} and Wahidur Rahman and Muhammad Minoar Hossain and Mahbubul Hasan and Shafiqul Islam and Md. Moinuddin and Md. Tarequl Islam and Mir Mohammad Azad},
    keywords = {Internet of Things (IoT), ESP32, Machine Learning (ML), Remote Monitoring and Management (RMM), Automation},
    keywords = {en},
}
@misc{ratan_2023,
    title={What is the Convolutional Neural Network Architecture?},
    url={https://www.analyticsvidhya.com/blog/2020/10/what-is-the-convolutional-neural-network-architecture/},
    journal={Analytics Vidhya},
    author={Ratan, Phani},
    year={2023},
    keywords = {en},
} 

@unknown{rust2022,
    author = {Bugden, William and Alahmar, Ayman},
    year = {2022},
    pages = {},
    title = {Rust: The Programming Language for Safety and Performance},
    doi = {10.48550/arXiv.2206.05503},
    keywords = {en},
}
@misc{dl_ap_2018,
    title={CNN Introduction},
    url={https://dlapplications.github.io/2018-07-17-cnn-introduction/},
    journal={dlapplications.github.io},
    author={dl\_ap},
    year={2018},
    keywords = {vn},
}

@article{wei2021,
	author = {Wei, Jian and Wang, Xuemei and Wang, Zhenyu and Cao, Jin},
	year = {2021},
	pages = {},
	title = {Qualitative detection of pesticide residues using mass spectral data based on convolutional neural network},
	volume = {3},
	journal = {SN Applied Sciences},
	doi = {10.1007/s42452-021-04661-x},
	keywords = {en},
}
@misc{dumoulin2018guide,
	title={A guide to convolution arithmetic for deep learning}, 
	author={Vincent Dumoulin and Francesco Visin},
	year={2018},
	eprint={1603.07285},
	archivePrefix={arXiv},
	primaryClass={stat.ML},
	keywords = {en},
}


@ARTICLE{jorda,
    author={Jordà, Marc and Valero-Lara, Pedro and Peña, Antonio J.},
    journal={IEEE Access}, 
    title={Performance Evaluation of cuDNN Convolution Algorithms on NVIDIA Volta GPUs}, 
    year={2019},
    volume={7},
    number={},
    pages={461-473},
    keywords={Convolution;Neural networks;Training;Graphics processing units;Two dimensional displays;Three-dimensional displays;Performance evaluation;Neural network;convolution;deep learning;cuDNN;GPU;volta},
    doi={10.1109/ACCESS.2019.2918851},
    keywords = {en},
}

@article{chau2022Apr,
	author = {{Thiên Châu}},
	title = {{Nấm và 6 lợi ích sức khỏe tuyệt vời}},
	year = {2022},
	publisher = {suckhoedoisong},
    urldate = {2024-05-19},
	url = {https://suckhoedoisong.vn/nam-va-6-loi-ich-suc-khoe-tuyet-voi-169220412163546608.htm},
	keywords = {vn},
}

@misc{nhat2024,
	author = {{Dược sĩ Đại học Trần Huỳnh Minh Nhật}},
	title = {{Ăn nấm có tốt không? Lợi ích dinh dưỡng của việc ăn nấm}},
	year = {2024},
	urldate = {2024-05-19},
	url = {https://nhathuoclongchau.com.vn/bai-viet/an-nam-co-tot-khong-loi-ich-dinh-duong-cua-viec-an-nam.html},
	keywords = {vn},
}
@article{hoan2022Aug,
	author = {{Lê Minh Hoan}},
	title = {Thực trạng và thách thức trong phát triển nông nghiệp sinh thái ở Việt Nam},
	year = {2022},
	urldate = {2024-05-19},
	url = {https://dbndnghean.vn/thuc-trang-va-thach-thuc-trong-phat-trien-nong-nghiep-sinh-thai-o-viet-nam-5937.htm},
	keywords = {vn},
}
@misc{
	agrivision_mushroom_dataset,
	title = { Agrivision Mushroom Dataset },
	type = { Open Source Dataset },
	author = { DungPh },
	url = { https://universe.roboflow.com/dungph/agrivision_mushroom },
	journal = { Roboflow Universe },
	publisher = { Roboflow },
	year = { 2024 },
	keywords = {vn},
}
@misc{glenn2024,
	author = {Glenn Jocher},
	title = {{Model Training with Ultralytics YOLO}},
	year = {2024},
	urldate = {2024-05-28},
	url = {https://docs.ultralytics.com/modes/train/#tensorboard},
	keywords = {en},
}

@misc{oshea2015introduction,
	title={An Introduction to Convolutional Neural Networks}, 
	author={Keiron O'Shea and Ryan Nash},
	year={2015},
	eprint={1511.08458},
	archivePrefix={arXiv},
	primaryClass={cs.NE},
	keywords = {en},
}
@inproceedings{hijazi2015UsingCN,
	title={Using Convolutional Neural Networks for Image Recognition},
	author={Samer L. Hijazi and Rishi Kumar and Chris Rowen},
	year={2015},
	url={https://api.semanti-cscholar.org/CorpusID:6212567},
	keywords = {en},
}

@misc{karpathy,
	title={Neural Networks Part 1: Setting Up the Architecture}, 
	author={Karpathy Andrej},
	journal={Notes for CS231n Convolutional	Neural Networks for Visual Recognition, Stanford University},
	year={2015},
	url={http://cs231n.github.io/neural-networks-1/},
	keywords = {en},
}
@misc{larry2024Jun,
	title = {{Explained: Neural networks}},
	journal = {MIT News Office},
	author={Larry Hardesty},
	year = {2024},
	urldate = {2024-06-07},
	url = {https://news.mit.edu/2017/explained-neural-networks-deep-learning-0414},
	keywords = {en},
}
@software{yolov8_ultralytics,
	author = {Glenn Jocher and Ayush Chaurasia and Jing Qiu},
	title = {Ultralytics YOLOv8},
	version = {8.0.0},
	year = {2023},
	url = {https://github.com/ultralytics/ultralytics},
	orcid = {0000-0001-5950-6979, 0000-0002-7603-6750, 0000-0003-3783-7069},
	license = {AGPL-3.0},
	keywords = {en}
}

@article{kang2022,
	author = {Kang, Junhyung and Tariq, Shahroz and Oh, Han and Woo, Simon},
	year = {2022},
	title = {A Survey of Deep Learning-Based Object Detection Methods and Datasets for Overhead Imagery},
	volume = {10},
	journal = {IEEE Access},
	doi = {10.1109/ACCESS.2022.3149052},
	keywords = {en}
}